<record><leader>00000cas a22000007a 4500</leader><controlfield tag="001">20777778</controlfield><controlfield tag="008">891213d187818uupauwr ne      0    0eng d</controlfield><datafield ind1=" " ind2=" " tag="010"><subfield code="a">sn 90069070 </subfield></datafield><datafield ind1=" " ind2=" " tag="040"><subfield code="a">NPH</subfield><subfield code="b">eng</subfield><subfield code="c">NPH</subfield><subfield code="d">OCLCQ</subfield></datafield><datafield ind1=" " ind2=" " tag="042"><subfield code="a">msc</subfield></datafield><datafield ind1="0" ind2="0" tag="245"><subfield code="a">Berwyn record.</subfield></datafield><datafield ind1="1" ind2="3" tag="246"><subfield code="a">Record</subfield></datafield><datafield ind1=" " ind2=" " tag="260"><subfield code="a">Berwyn, Pa. :</subfield><subfield code="b">Master F.M. Stauffer,</subfield><subfield code="c">1878-</subfield></datafield><datafield ind1=" " ind2=" " tag="300"><subfield code="a">v. :</subfield><subfield code="b">ill. (chiefly advertisements) ;</subfield><subfield code="c">23-62 cm.</subfield></datafield><datafield ind1=" " ind2=" " tag="310"><subfield code="a">Weekly,</subfield><subfield code="b">&lt;1885-</subfield></datafield><datafield ind1=" " ind2=" " tag="321"><subfield code="a">Monthly,</subfield><subfield code="b">&lt;1878-1879&gt;</subfield></datafield><datafield ind1="0" ind2=" " tag="362"><subfield code="a">Vol. 1, no. 1 (Mar. 1878)-</subfield></datafield><datafield ind1=" " ind2=" " tag="500"><subfield code="a">Publisher: Otto F. Peeler, &lt;1885&gt;.</subfield></datafield><datafield ind1=" " ind2=" " tag="752"><subfield code="a">United States</subfield><subfield code="b">Pennsylvania</subfield><subfield code="c">Chester</subfield><subfield code="d">Berwyn.</subfield></datafield></record>